<?xml version="1.0" encoding="UTF-8"?><collection xmlns="http://www.loc.gov/MARC21/slim"><record><leader>00315nam--2200121-i-4500</leader><controlfield tag="001">000018778</controlfield><controlfield tag="002">20161230</controlfield><controlfield tag="005">20161230201032</controlfield><controlfield tag="008">060222s1000------------r-----000-0-eng-d</controlfield><datafield ind1=" " ind2=" " tag="100"><subfield code="a">Eliel, Ernest L./S.A.</subfield></datafield><datafield ind1=" " ind2=" " tag="245"><subfield code="a">Conformational analysis</subfield></datafield><datafield ind1=" " ind2=" " tag="260"><subfield code="a">Neew York, Interscience Publ., 1965. Xiii + 524 P</subfield></datafield><datafield ind1=" " ind2=" " tag="852"><subfield code="a">21803</subfield></datafield></record></collection>